@article{Dirac1953888,
  title   = "The lorentz transformation and absolute time",
  journal = "Physica ",
  volume  = "19",
  number  = "1-â€“12",
  pages   = "888--896",
  year    = "1953",
  doi     = "10.1016/S0031-8914(53)80099-6",
  author  = "P.A.M. Dirac"
}

@article{Feynman1963118,
  title   = "The theory of a general quantum system interacting with a linear dissipative system",
  journal = "Annals of Physics ",
  volume  = "24",
  pages   = "118--173",
  year    = "1963",
  doi     = "10.1016/0003-4916(63)90068-X",
  author  = "R.P Feynman and F.L {Vernon Jr.}"
}

@article{lowe2017training,
  title={Training end-to-end dialogue systems with the ubuntu dialogue corpus},
  author={Lowe, Ryan Thomas and Pow, Nissan and Serban, Iulian Vlad and Charlin, Laurent and Liu, Chia-Wei and Pineau, Joelle},
  journal={Dialogue \& Discourse},
  volume={8},
  number={1},
  pages={31--65},
  year={2017}
}

@book{jurafsky2019speech,
  title={Speech \& language processing (Draft 3)},
  author={Jurafsky, Dan and Martin, James},
  year={2019},
}

@inproceedings{serban2016building,
  title={Building end-to-end dialogue systems using generative hierarchical neural network models},
  author={Serban, Iulian V and Sordoni, Alessandro and Bengio, Yoshua and Courville, Aaron and Pineau, Joelle},
  booktitle={Thirtieth AAAI Conference on Artificial Intelligence},
  year={2016}
}

@article{li2017adversarial,
  title={Adversarial learning for neural dialogue generation},
  author={Li, Jiwei and Monroe, Will and Shi, Tianlin and Jean, S{\'e}bastien and Ritter, Alan and Jurafsky, Dan},
  journal={arXiv preprint arXiv:1701.06547},
  year={2017}
}

@article{li2016deep,
  title={Deep reinforcement learning for dialogue generation},
  author={Li, Jiwei and Monroe, Will and Ritter, Alan and Galley, Michel and Gao, Jianfeng and Jurafsky, Dan},
  journal={arXiv preprint arXiv:1606.01541},
  year={2016}
}

@article{strub2017end,
  title={End-to-end optimization of goal-driven and visually grounded dialogue systems},
  author={Strub, Florian and De Vries, Harm and Mary, Jeremie and Piot, Bilal and Courville, Aaron and Pietquin, Olivier},
  journal={arXiv preprint arXiv:1703.05423},
  year={2017}
}

@article{shekhar2017foil,
  title={Foil it! find one mismatch between image and language caption},
  author={Shekhar, Ravi and Pezzelle, Sandro and Klimovich, Yauhen and Herbelot, Aur{\'e}lie and Nabi, Moin and Sangineto, Enver and Bernardi, Raffaella},
  journal={arXiv preprint arXiv:1705.01359},
  year={2017}
}

@article{reddy2019coqa,
  title={Coqa: A conversational question answering challenge},
  author={Reddy, Siva and Chen, Danqi and Manning, Christopher D},
  journal={Transactions of the Association for Computational Linguistics},
  volume={7},
  pages={249--266},
  year={2019},
  publisher={MIT Press}
}

@article{zhou2018dataset,
  title={A dataset for document grounded conversations},
  author={Zhou, Kangyan and Prabhumoye, Shrimai and Black, Alan W},
  journal={arXiv preprint arXiv:1809.07358},
  year={2018}
}

@inproceedings{de2017guesswhat,
  title={Guesswhat?! visual object discovery through multi-modal dialogue},
  author={De Vries, Harm and Strub, Florian and Chandar, Sarath and Pietquin, Olivier and Larochelle, Hugo and Courville, Aaron},
  booktitle={Proceedings of the IEEE Conference on Computer Vision and Pattern Recognition},
  pages={5503--5512},
  year={2017}
}

@inproceedings{das2017visual,
  title={Visual dialog},
  author={Das, Abhishek and Kottur, Satwik and Gupta, Khushi and Singh, Avi and Yadav, Deshraj and Moura, Jos{\'e} MF and Parikh, Devi and Batra, Dhruv},
  booktitle={Proceedings of the IEEE Conference on Computer Vision and Pattern Recognition},
  pages={326--335},
  year={2017}
}

@inproceedings{das2017learning,
  title={Learning cooperative visual dialog agents with deep reinforcement learning},
  author={Das, Abhishek and Kottur, Satwik and Moura, Jos{\'e} MF and Lee, Stefan and Batra, Dhruv},
  booktitle={Proceedings of the IEEE International Conference on Computer Vision},
  pages={2951--2960},
  year={2017}
}

@inproceedings{reddy2017generating,
  title={Generating natural language question-answer pairs from a knowledge graph using a rnn based question generation model},
  author={Reddy, Sathish and Raghu, Dinesh and Khapra, Mitesh M and Joshi, Sachindra},
  booktitle={Proceedings of the 15th Conference of the European Chapter of the Association for Computational Linguistics: Volume 1, Long Papers},
  pages={376--385},
  year={2017}
}

@article{vrandevcic2014wikidata,
  title={Wikidata: a free collaborative knowledge base},
  author={Vrande{\v{c}}i{\'c}, Denny and Kr{\"o}tzsch, Markus},
  year={2014}
}

@inproceedings{xing2018hierarchical,
  title={Hierarchical recurrent attention network for response generation},
  author={Xing, Chen and Wu, Yu and Wu, Wei and Huang, Yalou and Zhou, Ming},
  booktitle={Thirty-Second AAAI Conference on Artificial Intelligence},
  year={2018}
}

@article{williams2007partially,
  title={Partially observable Markov decision processes for spoken dialog systems},
  author={Williams, Jason D and Young, Steve},
  journal={Computer Speech \& Language},
  volume={21},
  number={2},
  pages={393--422},
  year={2007},
  publisher={Elsevier}
}


@article{gasic,
  title={Semantic decoding in dialogue systems},
  author={Gasic, Milica},
  year={2016},
}

@article{cheng2019learning,
  title={Learning an executable neural semantic parser},
  author={Cheng, Jianpeng and Reddy, Siva and Saraswat, Vijay and Lapata, Mirella},
  journal={Computational Linguistics},
  volume={45},
  number={1},
  pages={59--94},
  year={2019},
  publisher={MIT Press}
}

@article{young2013pomdp,
  title={Pomdp-based statistical spoken dialog systems: A review},
  author={Young, Steve and Ga{\v{s}}i{\'c}, Milica and Thomson, Blaise and Williams, Jason D},
  journal={Proceedings of the IEEE},
  volume={101},
  number={5},
  pages={1160--1179},
  year={2013},
  publisher={IEEE}
}

@article{young2010hidden,
  title={The hidden information state model: A practical framework for POMDP-based spoken dialogue management},
  author={Young, Steve and Ga{\v{s}}i{\'c}, Milica and Keizer, Simon and Mairesse, Fran{\c{c}}ois and Schatzmann, Jost and Thomson, Blaise and Yu, Kai},
  journal={Computer Speech \& Language},
  volume={24},
  number={2},
  pages={150--174},
  year={2010},
  publisher={Elsevier}
}

@article{devlin2018bert,
  title={Bert: Pre-training of deep bidirectional transformers for language understanding},
  author={Devlin, Jacob and Chang, Ming-Wei and Lee, Kenton and Toutanova, Kristina},
  journal={arXiv preprint arXiv:1810.04805},
  year={2018}
}

@inproceedings{saha2018complex,
  title={Complex sequential question answering: Towards learning to converse over linked question answer pairs with a knowledge graph},
  author={Saha, Amrita and Pahuja, Vardaan and Khapra, Mitesh M and Sankaranarayanan, Karthik and Chandar, Sarath},
  booktitle={Thirty-Second AAAI Conference on Artificial Intelligence},
  year={2018}
}

@article{turing1950computing,
  title={Computing machinery and intelligence-AM Turing},
  author={TURING, INTELLIGENCE BY AM},
  journal={Mind},
  volume={59},
  number={236},
  pages={433},
  year={1950}
}

@article{weizenbaum1966eliza,
  title={ELIZA, a computer program for the study of natural language communication between man and machine},
  author={Weizenbaum, Joseph},
  journal={Communications of the ACM},
  volume={9},
  number={1},
  pages={36--45},
  year={1966},
  publisher={ACM}
}

@article{parkinson1977conversational,
  title={Conversational language comprehension using integrated pattern-matching and parsing},
  author={Parkinson, Roger C and Colby, Kenneth Mark and Faught, William S},
  journal={Artificial Intelligence},
  volume={9},
  number={2},
  pages={111--134},
  year={1977},
  publisher={Elsevier}
}

@article{wallace1995artificial,
  title={Artificial linguistic internet computer entity (alice)},
  author={Wallace, Richard},
  journal={City},
  year={1995}
}

@inproceedings{ritter2011data,
  title={Data-driven response generation in social media},
  author={Ritter, Alan and Cherry, Colin and Dolan, William B},
  booktitle={Proceedings of the conference on empirical methods in natural language processing},
  pages={583--593},
  year={2011},
  organization={Association for Computational Linguistics}
}

@article{shang2015neural,
  title={Neural responding machine for short-text conversation},
  author={Shang, Lifeng and Lu, Zhengdong and Li, Hang},
  journal={arXiv preprint arXiv:1503.02364},
  year={2015}
}

@article{sordoni2015neural,
  title={A neural network approach to context-sensitive generation of conversational responses},
  author={Sordoni, Alessandro and Galley, Michel and Auli, Michael and Brockett, Chris and Ji, Yangfeng and Mitchell, Margaret and Nie, Jian-Yun and Gao, Jianfeng and Dolan, Bill},
  journal={arXiv preprint arXiv:1506.06714},
  year={2015}
}

@phdthesis{jiweilithesis,
  author       = {Jiwei Li}, 
  title        = {TEACHING MACHINES TO CONVERSEk},
  school       = {STANFORD UNIVERSITY},
  year         = 2017,
}

@misc{opendomain,
 author = {Rojas, Lina},
 title = {Open Domain Statistical Spoken Dialogue Systems},
 url = {http://mi.eng.cam.ac.uk/research/dialogue/EPSRCProj/},
 lastchecked = {31.01.2013},
 originalyear = {18.09.2015}
}

@inproceedings{indurthi2017generating,
  title={Generating natural language question-answer pairs from a knowledge graph using a RNN based question generation model},
  author={Indurthi, Sathish Reddy and Raghu, Dinesh and Khapra, Mitesh M and Joshi, Sachindra},
  booktitle={Proceedings of the 15th Conference of the European Chapter of the Association for Computational Linguistics: Volume 1, Long Papers},
  pages={376--385},
  year={2017}
}


@misc{alexa,
 author = {Amazon},
 title = {Alexa Internet},
 url = {https://www.alexa.com}
}

@misc{alexa,
 author = {Apple},
 title = {Siri},
 url = {https://www.apple.com/uk/siri/}
}

@misc{siri,
 author = {Apple},
 title = {Siri},
 url = {https://www.apple.com/uk/siri/}
}

@misc{cortana,
 author = {Microsoft},
 title = {Cortana - Your personal productivity assistant},
 url = {https://www.microsoft.com/en-us/cortana}
}